@BOOK{book:RA,
	AUTHOR = "Rajeev Motwani and Prabhakar Raghavan",
	TITLE = "Randomized Algorithms",
	PUBLISHER = "Cambridge University Press",
	PAGES = {417-425},
	YEAR = "2007"	}
	
	
	